@article{Gorski2016,
	archivePrefix = {arXiv},
	arxivId = {arXiv:1502.03338v1},
	author = {G{\'{o}}rski, Piotr J. and Czaplicka, Agnieszka and Ho{\l}yst, Janusz A.},
	doi = {10.1140/epjb/e2015-60530-6},
	eprint = {arXiv:1502.03338v1},
	file = {:home/pgorski/Pulpit/epjb{\_}harbn.pdf:pdf},
	issn = {14346036},
	journal = {European Physical Journal B},
	keywords = {Statistical and Nonlinear Physics},
	number = {2},
	pages = {1--9},
	title = {{Coevolution of information processing and topology in hierarchical adaptive random Boolean networks}},
	url = {http://link.springer.com/article/10.1140/epjb/e2015-60530-6},
	volume = {89},
	year = {2016}
}
@article{greil2009attractor,
  title={Attractor period distribution for critical Boolean networks},
  author={Greil, Florian and Bassler, Kevin E},
  journal={arXiv preprint arXiv:0911.2481},
  year={2009}
}
@article{bornholdt2000topological,
	author = {Bornholdt, Stefan and Rohlf, Thimo},
	journal = {Phys. Rev. Lett.},
	number = {26},
	pages = {6114},
	publisher = {APS},
	title = {{Topological evolution of dynamical networks: Global criticality from local dynamics}},
	volume = {84},
	year = {2000}
}
@article{kauffman1969metabolic,
	author = {Kauffman, Stuart A},
	journal = {Journal of theoretical biology},
	number = {3},
	pages = {437--467},
	publisher = {Elsevier},
	title = {{Metabolic stability and epigenesis in randomly constructed genetic nets}},
	volume = {22},
	year = {1969}
}
@article{kauffman2004ensemble,
	author = {Kauffman, Stuart},
	journal = {Phys. A},
	number = {4},
	pages = {733--740},
	publisher = {Elsevier},
	title = {{The ensemble approach to understand genetic regulatory networks}},
	volume = {340},
	year = {2004}
}
@incollection{soc,
	author = {Rohlf, Thimo and Bornholdt, Stefan},
	booktitle = {Adaptive Networks},
	pages = {73--106},
	publisher = {Springer},
	title = {{Self-organized criticality and adaptation in discrete dynamical networks}},
	year = {2009}
}
@article{sole1996extinction,
	author = {Sol{\'{e}}, Ricard V and Manrubia, Susanna C},
	journal = {Physical Review E},
	number = {1},
	pages = {R42},
	publisher = {APS},
	title = {{Extinction and self-organized criticality in a model of large-scale evolution}},
	volume = {54},
	year = {1996}
}
@article{drossel2008random,
	author = {Drossel, Barbara},
	journal = {Rev. Nonlinear Dyn. Complex.},
	pages = {69--110},
	publisher = {J. Wiley: New York, NY, USA},
	title = {{Random boolean networks}},
	volume = {1},
	year = {2008}
}
@inproceedings{gershenson04,
	author = {Gershenson, Carlos},
	booktitle = {Workshop and Tutorial Proceedings, Ninth International Conference on the Simulation and Synthesis of Living Systems (ALife IX},
	pages = {160--173},
	title = {{Introduction to Random Boolean Networks}},
	year = {2004}
}
@incollection{cheng2011random,
	author = {Cheng, Daizhan and Qi, Hongsheng and Li, Zhiqiang},
	booktitle = {Analysis and control of Boolean networks: a semi-tensor product approach},
	pages = {431--450},
	publisher = {Springer London},
	title = {{Random Boolean Networks}},
	year = {2011}
}
@article{zimmermann2004coevolution,
	author = {Zimmermann, Mart$\backslash$'$\backslash$in G and Egu$\backslash$'$\backslash$iluz, V$\backslash$'$\backslash$ictor M and {San Miguel}, Maxi},
	journal = {Physical Review E},
	number = {6},
	pages = {65102},
	publisher = {APS},
	title = {{Coevolution of dynamical states and interactions in dynamic networks}},
	volume = {69},
	year = {2004}
}
@inproceedings{haruna14relationship,
	author = {Haruna, Taichi and Tanaka, Sayaka},
	booktitle = {ALIFE 14: The Fourteenth Conference on the Synthesis and Simulation of Living Systems},
	pages = {420--426},
	title = {{On the Relationship between Local Rewiring Rules and Stationary Out-degree Distributions in Adaptive Random Boolean Network Models}},
	volume = {14},
	year = {2014}
}
@article{mlb,
	author = {Liu, Min and Bassler, Kevin E},
	journal = {Phys. Rev. E},
	number = {4},
	pages = {41910},
	publisher = {APS},
	title = {{Emergent criticality from coevolution in random boolean networks}},
	volume = {74},
	year = {2006}
}
@incollection{aldana2003boolean,
	author = {Aldana, Maximino and Coppersmith, Susan and Kadanoff, Leo P},
	booktitle = {Perspectives and Problems in Nolinear Science},
	pages = {23--89},
	publisher = {Springer},
	title = {{Boolean dynamics with random couplings}},
	year = {2003}
}
@techreport{bell2008efficient,
	title={Efficient sparse matrix-vector multiplication on CUDA},
	author={Bell, Nathan and Garland, Michael},
	year={2008},
	institution={Nvidia Technical Report NVR-2008-004, Nvidia Corporation}
}
@inproceedings{he2007efficient,
	title={Efficient gather and scatter operations on graphics processors},
	author={He, Bingsheng and Govindaraju, Naga K and Luo, Qiong and Smith, Burton},
	booktitle={Proceedings of the 2007 ACM/IEEE conference on Supercomputing},
	pages={46},
	year={2007},
	organization={ACM}
}